<record><leader>00000cas a2200000 a 4500</leader><controlfield tag="001">8686384</controlfield><controlfield tag="008">820813d19291941nyuwr ne      0    0eng d</controlfield><controlfield tag="009">394</controlfield><datafield ind1=" " ind2=" " tag="010"><subfield code="a">sn 84035946 </subfield></datafield><datafield ind1=" " ind2=" " tag="040"><subfield code="a">YQR</subfield><subfield code="b">eng</subfield><subfield code="c">YQR</subfield><subfield code="d">NYS</subfield><subfield code="d">NYG</subfield><subfield code="d">NPX</subfield><subfield code="d">NYS</subfield><subfield code="d">OCL</subfield><subfield code="d">OCLCQ</subfield></datafield><datafield ind1="1" ind2=" " tag="029"><subfield code="a">AU@</subfield><subfield code="b">000025808253</subfield></datafield><datafield ind1=" " ind2=" " tag="042"><subfield code="a">msc</subfield></datafield><datafield ind1="0" ind2=" " tag="130"><subfield code="a">Palmyra courier-journal (Palmyra, N.Y. : 1929)</subfield></datafield><datafield ind1="0" ind2="0" tag="245"><subfield code="a">Palmyra courier-journal.</subfield></datafield><datafield ind1=" " ind2=" " tag="260"><subfield code="a">Palmyra, N.Y. :</subfield><subfield code="b">[Palmyra Courier Co.],</subfield><subfield code="c">1929-1941.</subfield></datafield><datafield ind1=" " ind2=" " tag="300"><subfield code="a">v. :</subfield><subfield code="b">ill. ;</subfield><subfield code="c">44 cm.</subfield></datafield><datafield ind1=" " ind2=" " tag="310"><subfield code="a">Weekly</subfield></datafield><datafield ind1="0" ind2=" " tag="362"><subfield code="a">[Vol. 1, no. 1] (June 6, 1929)-v. 13, no. 18 (Oct. 2, 1941).</subfield></datafield><datafield ind1=" " ind2=" " tag="515"><subfield code="a">Volume numbering starts on second issue, i.e., Vol. 1, no. 2 (June 13, 1929).</subfield></datafield><datafield ind1=" " ind2=" " tag="530"><subfield code="a">Available on microfilm from Biels Microfilm.</subfield></datafield><datafield ind1=" " ind2="4" tag="651"><subfield code="a">Palmyra (N.Y.)</subfield><subfield code="v">Newspapers.</subfield></datafield><datafield ind1=" " ind2=" " tag="752"><subfield code="a">United States</subfield><subfield code="b">New York</subfield><subfield code="c">Wayne</subfield><subfield code="d">Palmyra.</subfield></datafield><datafield ind1="0" ind2="4" tag="780"><subfield code="t">Palmyra courier (Palmyra, N.Y. : 1878)</subfield><subfield code="w">(DLC)sn 83031814</subfield></datafield><datafield ind1="0" ind2="4" tag="780"><subfield code="t">Wayne County journal</subfield><subfield code="w">(DLC)sn 84031445</subfield></datafield><datafield ind1="0" ind2="7" tag="785"><subfield code="t">Macedon journal</subfield><subfield code="w">(DLC)sn 89071235</subfield><subfield code="w">(OCoLC)19121030</subfield></datafield><datafield ind1="0" ind2="7" tag="785"><subfield code="t">Palmyra courier-journal and the Macedon journal</subfield><subfield code="w">(DLC)sn 84035943</subfield></datafield></record>